Ejemplo
No olviden poner el la llave, el autor({Organización} o {{Apellido} N.}), titulo y url. Opcional el año de publicación y fecha de acceso si es un link.

misc{  
        clase, 
        author={{Avilés Rosas, et al.}, G.}, 
        title={Conceptos Básicos de las Bases de Datos}, 
        howpublished = {Curso 2025-1},
    }